%====================== TA =======================
%=== 1 => 37 ========

@article{adler1956missile,
	title={Missile Guidance by Three-Dimensional Proportional Navigation},
	author={Adler, Fred P},
	journal={Journal of Applied Physics},
	volume={27},
	number={5},
	pages={500--507},
	year={1956},
	publisher={AIP}
}

@article{becker1990closed,
	title={Closed-form solution of pure proportional navigation},
	author={Becker, Klaus},
	journal={IEEE Transactions on Aerospace and Electronic Systems},
	volume={26},
	number={3},
	pages={526--533},
	year={1990},
	publisher={IEEE}
}

@article{ghose1994generalization,
	title={On the generalization of true proportional navigation},
	author={Ghose, Debasish},
	journal={IEEE Transactions on Aerospace and Electronic Systems},
	volume={30},
	number={2},
	pages={545--555},
	year={1994},
	publisher={IEEE}
}


@article{gutman2012optimal,
	title={On optimal guidance for homing missiles},
	author={Gutman, Shaul},
	journal={Journal of Guidance, Control, and Dynamics},
	year={2012}
}

@article{shinar1980three,
	title={Three-dimensional optimal pursuit and evasion with bounded controls},
	author={Shinar, J and Gutman, Shaul},
	journal={IEEE Transactions on Automatic Control},
	volume={25},
	number={3},
	pages={492--496},
	year={1980},
	publisher={IEEE}
}

@article{nesline2012new,
	title={A new look at classical vs modern homing missile guidance},
	author={Nesline, F William and Zarchan, Paul},
	journal={Journal of Guidance, Control, and Dynamics},
	year={2012}
}

@article{anderson2012comparison,
	title={Comparison of optimal control and differential game intercept missile guidance laws},
	author={Anderson, Gerald M},
	journal={Journal of Guidance, Control, and Dynamics},
	year={2012}
}

@article{pastrick2012guidance,
	title={Guidance laws for short-range tactical missiles},
	author={Pastrick, HL and Seltzer, SM and Warren, ME},
	journal={Journal of Guidance, Control, and Dynamics},
	year={2012}
}

@article{rodin1987pursuit,
	title={A pursuit-evasion bibliography—version 1},
	author={Rodin, EY},
	journal={Computers \& Mathematics with Applications},
	volume={13},
	number={1},
	pages={275--340},
	year={1987},
	publisher={Elsevier}
}

@article{rodin1989pursuit,
	title={A Pursuit-evasion bibliography—Version 2},
	author={Rodin, EY},
	journal={Computers \& Mathematics with Applications},
	volume={18},
	number={1-3},
	pages={245--320},
	year={1989},
	publisher={Elsevier}
}

@book{lin1991modern,
	title={Modern navigation, guidance, and control processing},
	author={Lin, Ching-Fang},
	volume={2},
	year={1991},
	publisher={Prentice Hall Englewood Cliffs}
}

@article{cochran1991analytical,
	title={Analytical solutions to a guidance problem},
	author={Cochran, JE and No, TS and Thaxton, DG},
	journal={Journal of Guidance, Control, and Dynamics},
	volume={14},
	number={1},
	pages={117--122},
	year={1991}
}

@article{le1998determining,
	title={On determining optimal strategies in pursuit games in the plane},
	author={L{\^e}, Ngoc-Minh},
	journal={Theoretical computer science},
	volume={197},
	number={1-2},
	pages={203--234},
	year={1998},
	publisher={Elsevier}
}

@article{creaser1998generation,
	title={Generation of missile guidance algorithms},
	author={Creaser, Paul A},
	year={1998},
	publisher={IET}
}

@book{siouris2004missile,
	title={Missile guidance and control systems},
	author={Siouris, George M},
	year={2004},
	publisher={Springer Science \& Business Media}
}

@article{lechevin2004lyapunov,
	title={Lyapunov-based nonlinear missile guidance},
	author={Lechevin, N and Rabbath, CA},
	journal={Journal of guidance, control, and dynamics},
	volume={27},
	number={6},
	pages={1096--1102},
	year={2004}
}

@article{lee2007guidance,
	title={Guidance law to control impact time and angle},
	author={Lee, Jin-Ik and Jeon, In-Soo and Tahk, Min-Jea},
	journal={IEEE Transactions on Aerospace and Electronic Systems},
	volume={43},
	number={1},
	year={2007},
	publisher={IEEE}
}

@inproceedings{breivik2008guidance,
	title={Guidance laws for planar motion control},
	author={Breivik, Morten and Fossen, Thor I},
	booktitle={Decision and Control, 2008. CDC 2008. 47th IEEE Conference on},
	pages={570--577},
	year={2008},
	organization={IEEE}
}

@inproceedings{rusnak2008guidance,
	title={Guidance laws in defense against missile attack},
	author={Rusnak, Ilan},
	booktitle={Electrical and Electronics Engineers in Israel, 2008. IEEEI 2008. IEEE 25th Convention of},
	pages={090--094},
	year={2008},
	organization={IEEE}
}

@inproceedings{shinar2009meeting,
	title={Meeting the challenges of modern interceptor guidance by non-conventional approaches},
	author={Shinar, Josef and Turetsky, Vladimir},
	booktitle={Control and Automation, 2009. MED'09. 17th Mediterranean Conference on},
	pages={1563--1568},
	year={2009},
	organization={IEEE}
}

@article{lin2010development,
	title={Development of three-dimensional aiming point guidance law},
	author={Lin, Yu-Ping and Tsao, Lu-Ping and Lin, Chun-Liang},
	journal={International Journal of Systems Science},
	volume={41},
	number={11},
	pages={1353--1362},
	year={2010},
	publisher={Taylor \& Francis}
}

@book{shneydor1998missile,
	title={Missile guidance and pursuit: kinematics, dynamics and control},
	author={Shneydor, Neryahu A},
	year={1998},
	publisher={Elsevier}
}

@inproceedings{pham2012fuzzy,
	title={Fuzzy guidance law for surface-to-air missile in the command control systems},
	author={Pham, Trung-Dung and Tran, Qui and Vu, Duc-Vuong},
	booktitle={Control, Automation and Information Sciences (ICCAIS), 2012 International Conference on},
	pages={317--322},
	year={2012},
	organization={IEEE}
}

@book{white2012advances,
	title={Advances in missile guidance, control, and estimation},
	author={White, BA},
	year={2012},
	publisher={CRC Press}
}


@inproceedings{li2014fuzzy,
	title={A fuzzy guidance law design with terminal-angle constraint},
	author={Li, Chuanjiang and Sun, Yanchao and Lv, Teng and Ma, Guangfu and Xiao, Junzi},
	booktitle={Control Conference (CCC), 2014 33rd Chinese},
	pages={749--753},
	year={2014},
	organization={IEEE}
}

@article{cho2014optimal,
	title={Optimal impact angle control guidance law based on linearization about collision triangle},
	author={Cho, Hangju and Ryoo, Chang-Kyung and Tsourdos, Antonios and White, Brian},
	journal={Journal of Guidance, Control, and Dynamics},
	volume={37},
	number={3},
	pages={958--964},
	year={2014},
	publisher={American Institute of Aeronautics and Astronautics}
}


@article{grinfeld2015minimal,
	title={Minimal-Jerk Missile Guidance Law},
	author={Grinfeld, Natan and Ben-Asher, Joseph Z},
	journal={Journal of Guidance, Control, and Dynamics},
	volume={38},
	number={8},
	pages={1520--1525},
	year={2015},
	publisher={American Institute of Aeronautics and Astronautics}
}

@article{zarchan1999ballistic,
	title={Ballistic missile defense guidance and control issues},
	author={Zarchan, Paul},
	journal={Science \& Global Security},
	volume={8},
	number={1},
	pages={99--124},
	year={1999},
	publisher={Taylor \& Francis}
}

@inproceedings{zarchan2000tracking,
	title={Tracking and intercepting spiraling ballistic missiles},
	author={Zarchan, Paul},
	booktitle={Position Location and Navigation Symposium, IEEE 2000},
	pages={277--284},
	year={2000},
	organization={IEEE}
}

@article{zarchan2011kill,
	title={Kill vehicle guidance and control sizing for boost-phase intercept},
	author={Zarchan, Paul},
	journal={Journal of Guidance, Control, and Dynamics},
	volume={34},
	number={2},
	pages={513--521},
	year={2011}
}

@article{pearce2013tactical,
	title={Tactical and Strategic Missile Guidance--Sixth edition: Progress in Aeronautics and Astronautics--Vol 239 P. Zarchan. American Institute of Aeronautics and Astronautics, 1801 Alexander Bell Drive, Suite 500, Reston, VA 20191-4344, USA. 2012. Distributed by Transatlantic Publishers Group, 97 Greenham Road, London, N10 1LN (Tel: 020-8815 5994; e-mail: mark. chaloner@ tpgltd. co. uk). 1027pp. Illustrated.{\pounds} 107.50 (20\% discount available to RAeS members on request). ISBN 978-1-60086-894-8. Advances in Missile Guidance, Control and Estimation Edited by SN Balakrishnan et al. CRC Press, Taylor \& Francis Group, 6000 Broken Sound Parkway NW, Suite 300, Boca Raton, FL, 33487-2742, USA. 2012. Distributed by Taylor \& Francis Group, 2 Park Square, Milton Park, Abingdon, OX14 4RN. 682pp. Illustrated.{\pounds} 99. ISBN 978-1-4200-8313-2.},
	author={Pearce, John R},
	journal={The Aeronautical Journal},
	volume={117},
	number={1187},
	pages={90--92},
	year={2013},
	publisher={Cambridge Univ Press}
}

@article{chung2011search,
	title={Search and pursuit-evasion in mobile robotics},
	author={Chung, Timothy H and Hollinger, Geoffrey A and Isler, Volkan},
	journal={Autonomous robots},
	volume={31},
	number={4},
	pages={299},
	year={2011},
	publisher={Springer}
}

@article{weiss2017combined,
	title={Combined and Cooperative Minimum-Effort Guidance Algorithms in an Active Aircraft Defense Scenario},
	author={Weiss, Martin and Shima, Tal and Castaneda, David and Rusnak, Ilan},
	journal={Journal of Guidance, Control, and Dynamics},
	year={2017},
	publisher={American Institute of Aeronautics and Astronautics}
}

@inproceedings{garcia2017optimal,
	title={Optimal Guidance for Active Aircraft Defense Against Homing Missiles},
	author={Garcia, Eloy and Casbeer, David and Pachter, Meir},
	booktitle={AIAA Guidance, Navigation, and Control Conference},
	pages={1017},
	year={2017}
}

@article{flood1972hide,
	title={The hide and seek game of Von Neumann},
	author={Flood, Merrill M},
	journal={Management Science},
	volume={18},
	number={5-part-2},
	pages={107--109},
	year={1972},
	publisher={INFORMS}
}

@article{turetsky2003missile,
	title={Missile guidance laws based on pursuit--evasion game formulations},
	author={Turetsky, Vladimir and Shinar, Josef},
	journal={Automatica},
	volume={39},
	number={4},
	pages={607--618},
	year={2003},
	publisher={Elsevier}
}

@article{gutman20103d,
	title={3D differential game guidance},
	author={Gutman, Shaul and Goldan, Orly},
	journal={Applied Mathematics and Computation},
	volume={217},
	number={3},
	pages={1077--1084},
	year={2010},
	publisher={Elsevier}
}


%======================   Game  ==================================
@book{hsu2002behind,
	title={Behind Deep Blue: Building the computer that defeated the world chess champion},
	author={Hsu, Feng-Hsiung},
	year={2002},
	publisher={Princeton University Press}
}


@article{syed2003arimaa,
	title={Arimaa-a new game designed to be difficult for computers},
	author={Syed, Omar and Syed, Aamir},
	journal={ICGA JOURNAL},
	volume={26},
	number={2},
	pages={138--139},
	year={2003},
	publisher={UNIV MAASTRICHT FACULTY GENERAL SCIENCES DEPT COMPUTER SCIENCES/IKAT, PO BOX 616, 6200 MD MAASTRICHT, NETHERLANDS}
}


@article{ferrucci2013watson,
	title={Watson: beyond jeopardy!},
	author={Ferrucci, David and Levas, Anthony and Bagchi, Sugato and Gondek, David and Mueller, Erik T},
	journal={Artificial Intelligence},
	volume={199},
	pages={93--105},
	year={2013},
	publisher={Elsevier}
}


@article{gelly2011monte,
	title={Monte-Carlo tree search and rapid action value estimation in computer Go},
	author={Gelly, Sylvain and Silver, David},
	journal={Artificial Intelligence},
	volume={175},
	number={11},
	pages={1856--1875},
	year={2011},
	publisher={Elsevier}
}


@article{seaborn2015gamification,
	title={Gamification in theory and action: A survey},
	author={Seaborn, Katie and Fels, Deborah I},
	journal={International Journal of Human-Computer Studies},
	volume={74},
	pages={14--31},
	year={2015},
	publisher={Elsevier}
}


@article{dubbels2013gamification,
	title={Gamification, serious games, ludic simulation, and other contentious categories},
	author={Dubbels, Brock},
	journal={International Journal of Gaming and Computer-Mediated Simulations (IJGCMS)},
	volume={5},
	number={2},
	pages={1--19},
	year={2013},
	publisher={IGI Global}
}



@inproceedings{boughzala2016introduction,
	title={Introduction to the Serious Games, gamification and innovation minitrack},
	author={Boughzala, Imed and Michel, H{\'e}l{\`e}ne},
	booktitle={System Sciences (HICSS), 2016 49th Hawaii International Conference on},
	pages={817--817},
	year={2016},
	organization={IEEE}
}



@article{von2006games,
	title={Games with a purpose},
	author={Von Ahn, Luis},
	journal={Computer},
	volume={39},
	number={6},
	pages={92--94},
	year={2006},
	publisher={IEEE}
}


@article{von2008designing,
	title={Designing games with a purpose},
	author={Von Ahn, Luis and Dabbish, Laura},
	journal={Communications of the ACM},
	volume={51},
	number={8},
	pages={58--67},
	year={2008},
	publisher={ACM}
}


@article{siorpaes2008games,
	title={Games with a purpose for the semantic web},
	author={Siorpaes, Katharina and Hepp, Martin},
	journal={IEEE Intelligent Systems},
	volume={23},
	number={3},
	year={2008},
	publisher={IEEE}
}


@article{good2011games,
	title={Games with a scientific purpose},
	author={Good, Benjamin M and Su, Andrew I},
	journal={Genome biology},
	volume={12},
	number={12},
	pages={135},
	year={2011},
	publisher={BioMed Central}
}


@article{jain2008game,
	title={A game-theoretic analysis of games with a purpose},
	author={Jain, Shaili and Parkes, David},
	journal={Internet and Network Economics},
	pages={342--350},
	year={2008},
	publisher={Springer}
}


@inproceedings{quinn2011human,
	title={Human computation: a survey and taxonomy of a growing field},
	author={Quinn, Alexander J and Bederson, Benjamin B},
	booktitle={Proceedings of the SIGCHI conference on human factors in computing systems},
	pages={1403--1412},
	year={2011},
	organization={ACM}
}

@article{brabham2008crowdsourcing,
	title={Crowdsourcing as a model for problem solving: An introduction and cases},
	author={Brabham, Daren C},
	journal={Convergence},
	volume={14},
	number={1},
	pages={75--90},
	year={2008},
	publisher={Sage publications Sage UK: London, England}
}


@book{stevens2015aircraft,
	title={Aircraft control and simulation: dynamics, controls design, and autonomous systems},
	author={Stevens, Brian L and Lewis, Frank L and Johnson, Eric N},
	year={2015},
	publisher={John Wiley \& Sons}
}


@techreport{perh2011study,
	title={A study into advanced guidance laws using computational methods},
	author={Perh, Daniel},
	year={2011},
	institution={NAVAL POSTGRADUATE SCHOOL MONTEREY CA}
}


@article{eklund2012switched,
	title={Switched and symmetric pursuit/evasion games using online model predictive control with application to autonomous aircraft},
	author={Eklund, J Mikael and Sprinkle, Jonathan and Sastry, S Shankar},
	journal={IEEE Transactions on Control Systems Technology},
	volume={20},
	number={3},
	pages={604--620},
	year={2012},
	publisher={IEEE}
}



@article{hsueh2014integrated,
	title={Integrated game based guidance with nonlinear autopilot design for maneuvering target interception},
	author={Hsueh, Ming-Hsiung and Wang, Ting-Kuo and Fu, Li-Chen},
	journal={Asian Journal of Control},
	volume={16},
	number={2},
	pages={431--440},
	year={2014},
	publisher={Wiley Online Library}
}



@inproceedings{sun2014guidance,
	title={A guidance control law design based on evolutionary game},
	author={Sun, Chuanpeng and He, Fenghua and Ma, Longbiao and Wang, Yang and Yao, Yu},
	booktitle={Intelligent Control and Automation (WCICA), 2014 11th World Congress on},
	pages={4939--4944},
	year={2014},
	organization={IEEE}
}


@article{crawford1984art,
	title={The art of computer game design},
	author={Crawford, Chris},
	year={1984},
	publisher={Osborne/McGraw-Hill Berkeley, CA}
}


@inproceedings{liu2009pursuit,
	title={A pursuit-evasion algorithm based on hierarchical reinforcement learning},
	author={Liu, Jie and Liu, Shuhua and Wu, Hongyan and Zhang, Yu},
	booktitle={Measuring Technology and Mechatronics Automation, 2009. ICMTMA'09. International Conference on},
	volume={2},
	pages={482--486},
	year={2009},
	organization={IEEE}
}


@article{sharma2010synergizing,
	title={Synergizing reinforcement learning and game theory—A new direction for control},
	author={Sharma, Rajneesh and Gopal, Madan},
	journal={Applied Soft Computing},
	volume={10},
	number={3},
	pages={675--688},
	year={2010},
	publisher={Elsevier}
}


@article{doya2000reinforcement,
	title={Reinforcement learning in continuous time and space},
	author={Doya, Kenji},
	journal={Neural computation},
	volume={12},
	number={1},
	pages={219--245},
	year={2000},
	publisher={MIT Press}
}

%======================   TAD  =======================================================

@inproceedings{pachter2014active,
  title={Active target defense differential game},
  author={Pachter Meir, and Garcia, Eloy and Casbeer, David W},
  booktitle={Proceedings of the 2014 IEEE 52nd Annual Allerton Conference on Communication, Control, and Computing},
  pages={46--53},
  year={(2014)}
}

@article{garcia2015active,
  title={Active target defense differential game with a fast defender},
  author={Garcia, Eloy and Casbeer, David W and Pachter, Meir},
  journal={arXiv preprint arXiv:1502.02747},
  year={(2015)}
}

@article{garcia2015escape,
  title={Escape Regions of the Active Target Defense Differential Game},
  author={Garcia, Eloy and Casbeer, David W and Pachter, Meir},
  journal={arXiv preprint arXiv:1504.07900},
  year={(2015)}
}

@inproceedings{garcia2014cooperative,
  title={Cooperative aircraft defense from an attacking missile},
  author={Garcia, Eloy and Casbeer, David W and Pham, Khanh and Pachter, Meir},
  booktitle={Decision and Control (CDC), 2014 IEEE 53rd Annual Conference on},
  pages={2926--2931},
  year={(2014)},
  %organization={IEEE}
}


@inproceedings{garcia2015cooperative,
  title={Cooperative aircraft defense from an attacking missile using proportional navigation},
  author={Garcia, Eloy and Casbeer, David W and Pham, Khanh and Pachter, Meir},
  booktitle={2015 AIAA Guidence, Navigation, and Control Conference},
  pages={2015--0337},
  year={(2015)}
}

@article{garcia2015cooperative2,
  title={Cooperative strategies for optimal aircraft defense from an attacking missile},
  author={Garcia, Eloy and Casbeer, David W and Pachter, Meir},
  journal={Journal of Guidance, Control, and Dynamics},
  pages={1--11},
  year={(2015)},
  publisher={American Institute of Aeronautics and Astronautics}
}

@inproceedings{ho1965differential,
  title={Differential games and optimal pursuit-evasion strategies},
  author={Ho, Yu-Chi and Bryson, Arthur E and Baron, Sheldon},
  booktitle={Joint Automatic Control Conference},
  number={3},
  pages={37--40},
  year={(1965)}
}

@book{isaacs1954differential,
  title={Differential games {III}},
  author={Isaacs, Rufus},
  year={(1954)},
  publisher={Wiley}
}

@inproceedings{meier1969new,
  title={A new technique for solving pursuit-evasion differential games},
  author={Meier, Lewis},
  booktitle={Joint Automatic Control Conference},
  number={7},
  pages={514--521},
  year={1969}
}

@inproceedings{hsueh2007differential,
  title={A differential game based guidance law for the interceptor missiles},
  author={Hsueh, Ming-Hsiung and Huang, Chin-I and Fu, Li-Chen},
  booktitle={Industrial Electronics Society, 2007. IECON 2007. 33rd Annual Conference of the IEEE},
  pages={665--670},
  year={(2007)},
  %organization={IEEE}
}

@inproceedings{yi2010improved,
  title={An Improved Terminal Guidance Algorithm Based on Differential Game Theory},
  author={Yi, Li and Yan, Yang and Tian, Gao and Zhanrong, Jing},
  booktitle={Intelligent System Design and Engineering Application (ISDEA), 2010 International Conference on},
  volume={1},
  pages={250--254},
  year={(2010)},
  %organization={IEEE}
}

@article{bressan2010noncooperative,
  title={Noncooperative differential games. a tutorial},
  author={Bressan, Alberto},
  journal={Department of Mathematics, Penn State University},
  year={(2010)}
}

@article{perelman2011cooperative,
  title={Cooperative differential games strategies for active aircraft protection from a homing missile},
  author={Perelman, Andrey and Shima, Tal and Rusnak, Ilan},
  journal={Journal of Guidance, Control, and Dynamics},
  volume={34},
  number={3},
  pages={761--773},
  year={(2011)}
}

@article{battistini2014differential,
  title={Differential games missile guidance with bearings-only measurements},
  author={Battistini, Simone and Shima, Tal},
  journal={Aerospace and Electronic Systems, IEEE Transactions on},
  volume={50},
  number={4},
  pages={2906--2915},
  year={(2014)},
  publisher={IEEE}
}

@book{yavin2014pursuit,
  title={Pursuit-evasion differential games},
  author={Yavin, Yaakov and Pachter, M},
  year={(2014)},
  publisher={Elsevier}
}

@article{boyell1976defending,
  title={Defending a moving target against missile or torpedo attack},
  author={Boyell, RL},
  journal={Aerospace and Electronic Systems, IEEE Transactions on},
  number={4},
  pages={522--526},
  year={1976},
  publisher={IEEE}
}

@article{shneydor1977comments,
  title={Comments on" Defending a Moving Target Against Missile or Topedo Attack"},
  author={Shneydor, NA},
  journal={IEEE Transactions on Aerospace and Electronic Systems},
  volume={3},
  number={AES-13},
  pages={321},
  year={1977}
}

@inproceedings{rusnak2005lady,
  title={The lady, the bandits, and the bodyguards--a two team dynamic game},
  author={Rusnak, Ilan},
  booktitle={Proceedings of the 16th World IFAC Congress},
  year={(2005)}
}

@inproceedings{rusnak2008guidance,
  title={Guidance laws in defense against missile attack},
  author={Rusnak, Ilan},
  booktitle={Electrical and Electronics Engineers in Israel, 2008. IEEEI 2008. IEEE 25th Convention of},
  pages={090--094},
  year={(2008)},
  %organization={IEEE}
}

@article{de2010analysis,
  title={Analysis and solution of a predator--protector--prey multi-robot system by a high-level reinforcement learning architecture and the adaptive systems theory},
  author={de Lope, Javier and Maravall, Dar{\'\i}o and others},
  journal={Robotics and Autonomous Systems},
  volume={58},
  number={12},
  pages={1266--1272},
  year={(2010)},
  publisher={Elsevier}
}

@inproceedings{rusnak2011guidance,
  title={Guidance laws in target-missile-defender scenario with an aggressive defender},
  author={Rusnak, Ilan and Weiss, H and Hexner, Gyorgy},
  booktitle={Proceedings of the 18th IFAC World Congress},
  volume={18},
  number={Pt 1},
  pages={9349--9354},
  year={(2011)},
  organization={International Federation of Automatic Control Laxenburg, Austria}
}

@inproceedings{fuch2011encouraging,
  title={Encouraging attacker retreat through defender cooperation},
  author={Fuch, Zachariah E and Khargonekar, Pramod P},
  booktitle={Decision and Control and European Control Conference (CDC-ECC), 2011 50th IEEE Conference on},
  pages={235--242},
  year={(2011)},
  %organization={IEEE}
}

@inproceedings{scott2013pursuit,
  title={Pursuit, herding and evasion: A three-agent model of caribou predation},
  author={Scott, William and Leonard, Naomi Ehrich},
  booktitle={American Control Conference (ACC), 2013},
  pages={2978--2983},
  year={(2013)},
  %organization={IEEE}
}

@article{rubinsky2013three,
  title={Three-player pursuit and evasion conflict},
  author={Rubinsky, Sergey and Gutman, Shaul},
  journal={Journal of Guidance, Control, and Dynamics},
  volume={37},
  number={1},
  pages={98--110},
  year={(2013)},
  publisher={American Institute of Aeronautics and Astronautics}
}

@inproceedings{oyler2014pursuit,
  title={Pursuit-evasion games in the presence of a line segment obstacle},
  author={Oyler, Dave W and Kabamba, Pierre T and Girard, Anouck R},
  booktitle={Decision and Control (CDC), 2014 IEEE 53rd Annual Conference on},
  pages={1149--1154},
  year={(2014)},
  %organization={IEEE}
}

@article{anderson1978model,
  title={A model for the bat versus moth pursuit-evasion problem},
  author={Anderson, GM},
  journal={The Journal of the Acoustical Society of America},
  volume={64},
  number={S1},
  pages={S88--S88},
  year={1978},
  publisher={Acoustical Society of America}
}

@book{miller1994co,
  title={Co-evolution of pursuit and evasion I: Biological and game-theoretic foundations},
  author={Miller, Geoffrey F and Cliff, Dave},
  year={(1994)},
  publisher={University of Sussex, School of Cognitive and Computing Sciences}
}

@article{cliff1995co,
  title={Co-evolution of pursuit and evasion II: Simulation methods and results},
  author={Cliff, Dave and Miller, Geoffrey F},
  year={(1995)},
  publisher={Citeseer}
}

@article{pekalski2004short,
  title={A short guide to predator-prey lattice models},
  author={Pekalski, Andrzej},
  journal={Computing in Science and Engineering},
  volume={6},
  number={1},
  pages={62--66},
  year={(2004)}
}

@article{zarchan2002tactical,
  title={Tactical and strategic missile guidance},
  author={Zarchan, Paul},
  journal={Progress in astronautics and aeronautics},
  year={(2012)},
  publisher={American Institute of Aeronautics and Astronautics}
}

@article{hagedorn1976differential,
  title={A differential game with two pursuers and one evader},
  author={Hagedorn, P and Breakwell, JV},
  journal={Journal of Optimization Theory and Applications},
  volume={18},
  number={1},
  pages={15--29},
  year={1976},
  publisher={Springer}
}

@book{kim2001multiagent,
  title={Multiagent pursuit-evasion games: algorithms and experiments},
  author={Kim, Hyounjin},
  year={(2001)}
}

@inproceedings{fuchs2010cooperative,
  title={Cooperative defense within a single-pursuer, two-evader pursuit evasion differential game},
  author={Fuchs, Zachariah E and Khargonekar, Pramod P and Evers, Johnny},
  booktitle={Decision and Control (CDC), 2010 49th IEEE Conference on},
  pages={3091--3097},
  year={(2010)},
  %organization={IEEE}
}


@inproceedings{pan2012pursuit,
  title={Pursuit, evasion and defense in the plane},
  author={Pan, Shirui and Huang, Haomiao and Ding, Jerry and Zhang, Wei and Stipanovic, Dusan M and Tomlin, Claire J},
  booktitle={American Control Conference (ACC), 2012},
  pages={4167--4173},
  year={(2012)},
  %organization={IEEE}
}

@inproceedings{ragesh2014analysis,
  title={Analysis of evader survivability enhancement by decoy deployment},
  author={Ragesh, R and Ratnoo, A and Ghose, Debasish},
  booktitle={American Control Conference (ACC), 2014},
  pages={4735--4740},
  year={(2014)},
  %organization={IEEE}
}

@article{ayoub2003proving,
  title={Proving the circle of Apollonius theorem},
  author={Ayoub, Ayoub B},
  journal={The Mathematics Teacher},
  pages={400--401},
  year={(2003)},
  publisher={JSTOR}
}

@article{ayoub2006circle,
  title={On the Circle of Apollonius.},
  author={Ayoub, Ayoub B},
  journal={Mathematics and Computer Education},
  volume={40},
  number={3},
  pages={198--204},
  year={(2006)},
  publisher={ERIC}
}

@article{partensky2008circle,
  title={The circle of Apollonius and its applications in introductory physics},
  author={Partensky, Michael B},
  journal={The Physics Teacher},
  volume={46},
  number={2},
  pages={104--108},
  year={(2008)},
  publisher={American Association of Physics Teachers}
}

@article{fulton2015conflict,
  title={Conflict Management: Apollonius in airspace design},
  author={Fulton, Neale L and Huynh, Union H-N},
  journal={Safety science},
  volume={72},
  pages={9--22},
  year={(2015)},
  publisher={Elsevier}
}

@article{gowda1983dynamic,
  title={Dynamic voronoi diagrams},
  author={Gowda, Ihor G and Kirkpatrick, David G and DER TSAI, LEE and Naamad, Amnon},
  journal={IEEE Transactions on Information Theory},
  volume={29},
  number={5},
  pages={724--731},
  year={1983},
  publisher={Institute of Electrical and Electronics Engineers}
}

@article{aurenhammer1991voronoi,
  title={Voronoi diagrams—a survey of a fundamental geometric data structure},
  author={Aurenhammer, Franz},
  journal={ACM Computing Surveys (CSUR)},
  volume={23},
  number={3},
  pages={345--405},
  year={(1991)},
  publisher={ACM}
}

@inproceedings{cheung2007pursuit,
  title={Pursuit-Evasion Voronoi Diagrams in ell\_1},
  author={Cheung, Warren and Evans, William},
  booktitle={Voronoi Diagrams in Science and Engineering, 2007. ISVD'07. 4th International Symposium on},
  pages={58--65},
  year={(2007)},
  %organization={IEEE}
}

@book{gavrilova2008generalized,
  title={Generalized voronoi diagram: a geometry-based approach to computational intelligence},
  author={Gavrilova, Marina L},
  volume={158},
  year={(2008)},
  publisher={Springer}
}

@inproceedings{majdandzic2008computation,
  title={Computation of voronoi diagrams using a graphics processing unit},
  author={Majdandzic, Igor and Trefftz, Christian and Wolffe, Gregory},
  booktitle={Electro/Information Technology, 2008. EIT 2008. IEEE International Conference on},
  pages={437--441},
  year={(2008)},
  %organization={IEEE}
}

@inproceedings{bakolas2010optimal,
  title={Optimal pursuit of moving targets using dynamic Voronoi diagrams},
  author={Bakolas, Efstathios and Tsiotras, Panagiotis},
  booktitle={Decision and Control (CDC), 2010 49th IEEE Conference on},
  pages={7431--7436},
  year={(2010)},
  %organization={IEEE}
}

@article{bakolas2010zermelo,
  title={The Zermelo--Voronoi diagram: a dynamic partition problem},
  author={Bakolas, Efstathios and Tsiotras, Panagiotis},
  journal={Automatica},
  volume={46},
  number={12},
  pages={2059--2067},
  year={(2010)},
  publisher={Elsevier}
}

@inproceedings{bakolas2011optimal,
  title={Optimal pursuer and moving target assignment using dynamic Voronoi diagrams},
  author={Bakolas, Efstathios and Tsiotras, Panagiotis},
  booktitle={American Control Conference (ACC), 2011},
  pages={5444--5449},
  year={(2011)},
  %organization={IEEE}
}