@inproceedings{pachter2014active,
  title={Active target defense differential game},
  author={Pachter Meir, and Garcia, Eloy and Casbeer, David W},
  booktitle={Proceedings of the 2014 IEEE 52nd Annual Allerton Conference on Communication, Control, and Computing},
  pages={46--53},
  year={(2014)}
}

@article{garcia2015active,
  title={Active target defense differential game with a fast defender},
  author={Garcia, Eloy and Casbeer, David W and Pachter, Meir},
  journal={arXiv preprint arXiv:1502.02747},
  year={(2015)}
}

@article{garcia2015escape,
  title={Escape Regions of the Active Target Defense Differential Game},
  author={Garcia, Eloy and Casbeer, David W and Pachter, Meir},
  journal={arXiv preprint arXiv:1504.07900},
  year={(2015)}
}

@inproceedings{garcia2014cooperative,
  title={Cooperative aircraft defense from an attacking missile},
  author={Garcia, Eloy and Casbeer, David W and Pham, Khanh and Pachter, Meir},
  booktitle={Decision and Control (CDC), 2014 IEEE 53rd Annual Conference on},
  pages={2926--2931},
  year={(2014)},
  %organization={IEEE}
}


@inproceedings{garcia2015cooperative,
  title={Cooperative aircraft defense from an attacking missile using proportional navigation},
  author={Garcia, Eloy and Casbeer, David W and Pham, Khanh and Pachter, Meir},
  booktitle={2015 AIAA Guidence, Navigation, and Control Conference},
  pages={2015--0337},
  year={(2015)}
}

@article{garcia2015cooperative2,
  title={Cooperative strategies for optimal aircraft defense from an attacking missile},
  author={Garcia, Eloy and Casbeer, David W and Pachter, Meir},
  journal={Journal of Guidance, Control, and Dynamics},
  pages={1--11},
  year={(2015)},
  publisher={American Institute of Aeronautics and Astronautics}
}

@inproceedings{ho1965differential,
  title={Differential games and optimal pursuit-evasion strategies},
  author={Ho, Yu-Chi and Bryson, Arthur E and Baron, Sheldon},
  booktitle={Joint Automatic Control Conference},
  number={3},
  pages={37--40},
  year={(1965)}
}

@book{isaacs1954differential,
  title={Differential games {III}},
  author={Isaacs, Rufus},
  year={(1954)},
  publisher={Wiley}
}

@inproceedings{meier1969new,
  title={A new technique for solving pursuit-evasion differential games},
  author={Meier, Lewis},
  booktitle={Joint Automatic Control Conference},
  number={7},
  pages={514--521},
  year={1969}
}

@inproceedings{hsueh2007differential,
  title={A differential game based guidance law for the interceptor missiles},
  author={Hsueh, Ming-Hsiung and Huang, Chin-I and Fu, Li-Chen},
  booktitle={Industrial Electronics Society, 2007. IECON 2007. 33rd Annual Conference of the IEEE},
  pages={665--670},
  year={(2007)},
  %organization={IEEE}
}

@inproceedings{yi2010improved,
  title={An Improved Terminal Guidance Algorithm Based on Differential Game Theory},
  author={Yi, Li and Yan, Yang and Tian, Gao and Zhanrong, Jing},
  booktitle={Intelligent System Design and Engineering Application (ISDEA), 2010 International Conference on},
  volume={1},
  pages={250--254},
  year={(2010)},
  %organization={IEEE}
}

@article{bressan2010noncooperative,
  title={Noncooperative differential games. a tutorial},
  author={Bressan, Alberto},
  journal={Department of Mathematics, Penn State University},
  year={(2010)}
}

@article{perelman2011cooperative,
  title={Cooperative differential games strategies for active aircraft protection from a homing missile},
  author={Perelman, Andrey and Shima, Tal and Rusnak, Ilan},
  journal={Journal of Guidance, Control, and Dynamics},
  volume={34},
  number={3},
  pages={761--773},
  year={(2011)}
}

@article{battistini2014differential,
  title={Differential games missile guidance with bearings-only measurements},
  author={Battistini, Simone and Shima, Tal},
  journal={Aerospace and Electronic Systems, IEEE Transactions on},
  volume={50},
  number={4},
  pages={2906--2915},
  year={(2014)},
  publisher={IEEE}
}

@book{yavin2014pursuit,
  title={Pursuit-evasion differential games},
  author={Yavin, Yaakov and Pachter, M},
  year={(2014)},
  publisher={Elsevier}
}

@article{boyell1976defending,
  title={Defending a moving target against missile or torpedo attack},
  author={Boyell, RL},
  journal={Aerospace and Electronic Systems, IEEE Transactions on},
  number={4},
  pages={522--526},
  year={1976},
  publisher={IEEE}
}

@article{shneydor1977comments,
  title={Comments on" Defending a Moving Target Against Missile or Topedo Attack"},
  author={Shneydor, NA},
  journal={IEEE Transactions on Aerospace and Electronic Systems},
  volume={3},
  number={AES-13},
  pages={321},
  year={1977}
}

@inproceedings{rusnak2005lady,
  title={The lady, the bandits, and the bodyguards--a two team dynamic game},
  author={Rusnak, Ilan},
  booktitle={Proceedings of the 16th World IFAC Congress},
  year={(2005)}
}

@inproceedings{rusnak2008guidance,
  title={Guidance laws in defense against missile attack},
  author={Rusnak, Ilan},
  booktitle={Electrical and Electronics Engineers in Israel, 2008. IEEEI 2008. IEEE 25th Convention of},
  pages={090--094},
  year={(2008)},
  %organization={IEEE}
}

@article{de2010analysis,
  title={Analysis and solution of a predator--protector--prey multi-robot system by a high-level reinforcement learning architecture and the adaptive systems theory},
  author={de Lope, Javier and Maravall, Dar{\'\i}o and others},
  journal={Robotics and Autonomous Systems},
  volume={58},
  number={12},
  pages={1266--1272},
  year={(2010)},
  publisher={Elsevier}
}

@inproceedings{rusnak2011guidance,
  title={Guidance laws in target-missile-defender scenario with an aggressive defender},
  author={Rusnak, Ilan and Weiss, H and Hexner, Gyorgy},
  booktitle={Proceedings of the 18th IFAC World Congress},
  volume={18},
  number={Pt 1},
  pages={9349--9354},
  year={(2011)},
  organization={International Federation of Automatic Control Laxenburg, Austria}
}

@inproceedings{fuch2011encouraging,
  title={Encouraging attacker retreat through defender cooperation},
  author={Fuch, Zachariah E and Khargonekar, Pramod P},
  booktitle={Decision and Control and European Control Conference (CDC-ECC), 2011 50th IEEE Conference on},
  pages={235--242},
  year={(2011)},
  %organization={IEEE}
}

@inproceedings{scott2013pursuit,
  title={Pursuit, herding and evasion: A three-agent model of caribou predation},
  author={Scott, William and Leonard, Naomi Ehrich},
  booktitle={American Control Conference (ACC), 2013},
  pages={2978--2983},
  year={(2013)},
  %organization={IEEE}
}

@article{rubinsky2013three,
  title={Three-player pursuit and evasion conflict},
  author={Rubinsky, Sergey and Gutman, Shaul},
  journal={Journal of Guidance, Control, and Dynamics},
  volume={37},
  number={1},
  pages={98--110},
  year={(2013)},
  publisher={American Institute of Aeronautics and Astronautics}
}

@inproceedings{oyler2014pursuit,
  title={Pursuit-evasion games in the presence of a line segment obstacle},
  author={Oyler, Dave W and Kabamba, Pierre T and Girard, Anouck R},
  booktitle={Decision and Control (CDC), 2014 IEEE 53rd Annual Conference on},
  pages={1149--1154},
  year={(2014)},
  %organization={IEEE}
}

@article{anderson1978model,
  title={A model for the bat versus moth pursuit-evasion problem},
  author={Anderson, GM},
  journal={The Journal of the Acoustical Society of America},
  volume={64},
  number={S1},
  pages={S88--S88},
  year={1978},
  publisher={Acoustical Society of America}
}

@book{miller1994co,
  title={Co-evolution of pursuit and evasion I: Biological and game-theoretic foundations},
  author={Miller, Geoffrey F and Cliff, Dave},
  year={(1994)},
  publisher={University of Sussex, School of Cognitive and Computing Sciences}
}

@article{cliff1995co,
  title={Co-evolution of pursuit and evasion II: Simulation methods and results},
  author={Cliff, Dave and Miller, Geoffrey F},
  year={(1995)},
  publisher={Citeseer}
}

@article{pekalski2004short,
  title={A short guide to predator-prey lattice models},
  author={Pekalski, Andrzej},
  journal={Computing in Science and Engineering},
  volume={6},
  number={1},
  pages={62--66},
  year={(2004)}
}

@article{zarchan2002tactical,
  title={Tactical and strategic missile guidance},
  author={Zarchan, Paul},
  journal={Progress in astronautics and aeronautics},
  year={(2012)},
  publisher={American Institute of Aeronautics and Astronautics}
}

@article{hagedorn1976differential,
  title={A differential game with two pursuers and one evader},
  author={Hagedorn, P and Breakwell, JV},
  journal={Journal of Optimization Theory and Applications},
  volume={18},
  number={1},
  pages={15--29},
  year={1976},
  publisher={Springer}
}

@book{kim2001multiagent,
  title={Multiagent pursuit-evasion games: algorithms and experiments},
  author={Kim, Hyounjin},
  year={(2001)}
}

@inproceedings{fuchs2010cooperative,
  title={Cooperative defense within a single-pursuer, two-evader pursuit evasion differential game},
  author={Fuchs, Zachariah E and Khargonekar, Pramod P and Evers, Johnny},
  booktitle={Decision and Control (CDC), 2010 49th IEEE Conference on},
  pages={3091--3097},
  year={(2010)},
  %organization={IEEE}
}


@inproceedings{pan2012pursuit,
  title={Pursuit, evasion and defense in the plane},
  author={Pan, Shirui and Huang, Haomiao and Ding, Jerry and Zhang, Wei and Stipanovic, Dusan M and Tomlin, Claire J},
  booktitle={American Control Conference (ACC), 2012},
  pages={4167--4173},
  year={(2012)},
  %organization={IEEE}
}

@inproceedings{ragesh2014analysis,
  title={Analysis of evader survivability enhancement by decoy deployment},
  author={Ragesh, R and Ratnoo, A and Ghose, Debasish},
  booktitle={American Control Conference (ACC), 2014},
  pages={4735--4740},
  year={(2014)},
  %organization={IEEE}
}

@article{ayoub2003proving,
  title={Proving the circle of Apollonius theorem},
  author={Ayoub, Ayoub B},
  journal={The Mathematics Teacher},
  pages={400--401},
  year={(2003)},
  publisher={JSTOR}
}

@article{ayoub2006circle,
  title={On the Circle of Apollonius.},
  author={Ayoub, Ayoub B},
  journal={Mathematics and Computer Education},
  volume={40},
  number={3},
  pages={198--204},
  year={(2006)},
  publisher={ERIC}
}

@article{partensky2008circle,
  title={The circle of Apollonius and its applications in introductory physics},
  author={Partensky, Michael B},
  journal={The Physics Teacher},
  volume={46},
  number={2},
  pages={104--108},
  year={(2008)},
  publisher={American Association of Physics Teachers}
}

@article{fulton2015conflict,
  title={Conflict Management: Apollonius in airspace design},
  author={Fulton, Neale L and Huynh, Union H-N},
  journal={Safety science},
  volume={72},
  pages={9--22},
  year={(2015)},
  publisher={Elsevier}
}

@article{gowda1983dynamic,
  title={Dynamic voronoi diagrams},
  author={Gowda, Ihor G and Kirkpatrick, David G and DER TSAI, LEE and Naamad, Amnon},
  journal={IEEE Transactions on Information Theory},
  volume={29},
  number={5},
  pages={724--731},
  year={1983},
  publisher={Institute of Electrical and Electronics Engineers}
}

@article{aurenhammer1991voronoi,
  title={Voronoi diagrams—a survey of a fundamental geometric data structure},
  author={Aurenhammer, Franz},
  journal={ACM Computing Surveys (CSUR)},
  volume={23},
  number={3},
  pages={345--405},
  year={(1991)},
  publisher={ACM}
}

@inproceedings{cheung2007pursuit,
  title={Pursuit-Evasion Voronoi Diagrams in ell\_1},
  author={Cheung, Warren and Evans, William},
  booktitle={Voronoi Diagrams in Science and Engineering, 2007. ISVD'07. 4th International Symposium on},
  pages={58--65},
  year={(2007)},
  %organization={IEEE}
}

@book{gavrilova2008generalized,
  title={Generalized voronoi diagram: a geometry-based approach to computational intelligence},
  author={Gavrilova, Marina L},
  volume={158},
  year={(2008)},
  publisher={Springer}
}

@inproceedings{majdandzic2008computation,
  title={Computation of voronoi diagrams using a graphics processing unit},
  author={Majdandzic, Igor and Trefftz, Christian and Wolffe, Gregory},
  booktitle={Electro/Information Technology, 2008. EIT 2008. IEEE International Conference on},
  pages={437--441},
  year={(2008)},
  %organization={IEEE}
}

@inproceedings{bakolas2010optimal,
  title={Optimal pursuit of moving targets using dynamic Voronoi diagrams},
  author={Bakolas, Efstathios and Tsiotras, Panagiotis},
  booktitle={Decision and Control (CDC), 2010 49th IEEE Conference on},
  pages={7431--7436},
  year={(2010)},
  %organization={IEEE}
}

@article{bakolas2010zermelo,
  title={The Zermelo--Voronoi diagram: a dynamic partition problem},
  author={Bakolas, Efstathios and Tsiotras, Panagiotis},
  journal={Automatica},
  volume={46},
  number={12},
  pages={2059--2067},
  year={(2010)},
  publisher={Elsevier}
}

@inproceedings{bakolas2011optimal,
  title={Optimal pursuer and moving target assignment using dynamic Voronoi diagrams},
  author={Bakolas, Efstathios and Tsiotras, Panagiotis},
  booktitle={American Control Conference (ACC), 2011},
  pages={5444--5449},
  year={(2011)},
  %organization={IEEE}
}